@misc{wikipedia:SaaS,
  author = "Wikipedia",
  title = "Software as a service",
  year = "2020",
  howpublished = "\url{https://en.wikipedia.org/wiki/Software_as_a_service}"
}
@misc{wikipedia:on-premises,
  author = "Wikipedia",
  title = "On-prmises software",
  year = "2020",
  howpublished = "\url{https://en.wikipedia.org/wiki/On-premises_software}"
}
@misc{comparison,
  author = "Project Builder",
  title = "SaaS ou On-Premises? Compreenda o que é melhor para você",
  year = "2018",
  howpublished = "\url{https://www.projectbuilder.com.br/blog/saas-ou-on-premises/}"
}
@misc{premiseVScloud,
  author = "Equipe IPsense",
  title = "On Premise e Cloud Servers: entenda as principais diferenças",
  year = "2020",
  howpublished = "\url{https://www.ipsense.com.br/blog/on-premise-e-cloud-servers-entenda-as-principais-diferencas/}"
}
