@online{usp, 
  title        = {Árvores geradoras de grafos não-dirigidos},
  organization = {IME-USP},
  date         = {2017-05-19},
  urldate      = {2016-11-07},
  url          = {https://www.ime.usp.br/~pf/algoritmos_para_grafos/aulas/spanningtrees.html},
}
@article{ref1,
  author       = {Charles Ornelas Almeida, Israel Guerra, Nivio Ziviani},
  title        = {Algoritmo em grafo},
  date         = {2010-09-24},
}
@inbook{ref2,
  author       = {Thomas H. Cormen, Charles E. Leiserson, Ronald L. Rivest e Clifford Stein},
  title        = {Algoritmos: Teoria e Prática},
  publisher    = {Editora Campus},
  date         = {2002},
  chapter      = {Árvores Espalhadas Mínimas},
  pages        = {445-454},
}
